@article{bar,
	title        = {The Effects of Climate Change},
	author       = {John Smith},
	year         = 2022,
	month        = {January},
	journal      = {Scientific American},
	volume       = 327,
	number       = 1,
	pages        = {44--49},
	note         = {This is a sample entry for an article in a magazine.}
}